<record><leader>00000cas a22000007a 4500</leader><controlfield tag="001">15241808</controlfield><controlfield tag="008">870226d19521961inuwr ne      0    0eng d</controlfield><datafield ind1=" " ind2=" " tag="010"><subfield code="a">sn 87055143 </subfield></datafield><datafield ind1=" " ind2=" " tag="040"><subfield code="a">NPI</subfield><subfield code="b">eng</subfield><subfield code="c">NPI</subfield><subfield code="d">OCL</subfield><subfield code="d">OCLCQ</subfield></datafield><datafield ind1=" " ind2=" " tag="042"><subfield code="a">msc</subfield></datafield><datafield ind1="0" ind2=" " tag="130"><subfield code="a">Pictorial press (Montezuma, Ind.)</subfield></datafield><datafield ind1="1" ind2="0" tag="245"><subfield code="a">Pictorial press.</subfield></datafield><datafield ind1=" " ind2=" " tag="260"><subfield code="a">Montezuma, Ind. :</subfield><subfield code="b">Pictorial Press Pub. Co.,</subfield><subfield code="c">1952-1961.</subfield></datafield><datafield ind1=" " ind2=" " tag="310"><subfield code="a">Weekly</subfield></datafield><datafield ind1="0" ind2=" " tag="362"><subfield code="a">Vol. 37, no. 12 (Jan. 3, 1952)-v. 46, no. 52 (Nov. 30, 1961).</subfield></datafield><datafield ind1=" " ind2=" " tag="580"><subfield code="a">Merged with: The Valley news, and: The Turkey Run times, to form: Covered bridge county news.</subfield></datafield><datafield ind1=" " ind2=" " tag="752"><subfield code="a">United States</subfield><subfield code="b">Indiana</subfield><subfield code="c">Parke</subfield><subfield code="d">Montezuma.</subfield></datafield><datafield ind1="0" ind2="4" tag="780"><subfield code="t">Wabash Valley pictorial press</subfield><subfield code="w">(DLC)sn 87055142</subfield></datafield><datafield ind1="0" ind2="4" tag="780"><subfield code="t">Montezuma enterprise</subfield><subfield code="w">(DLC)sn 87055146</subfield></datafield><datafield ind1="1" ind2="7" tag="785"><subfield code="t">Valley news (Rosedale, Ind.)</subfield><subfield code="w">(DLC)sn 87055163</subfield></datafield><datafield ind1="1" ind2="7" tag="785"><subfield code="t">Turkey run times</subfield></datafield><datafield ind1="1" ind2="7" tag="785"><subfield code="t">Covered bridge county news</subfield><subfield code="w">(DLC)sn 87055141</subfield></datafield></record>